% Encoding: UTF-8

@INPROCEEDINGS{Cooper1991,
  author = {Cooper, Gregory F. and Herskovits, Edward},
  title = {A Bayesian method for constructing Bayesian belief networks from
	databases},
  booktitle = {Proceedings of the Seventh conference on Uncertainty in Artificial
	Intelligence},
  year = {1991},
  series = {UAI'91},
  pages = {86--94},
  address = {San Francisco, CA, USA},
  publisher = {Morgan Kaufmann Publishers Inc.},
  acmid = {2100674},
  isbn = {1-55860-203-8},
  location = {Los Angeles, CA},
  numpages = {9},
  url = {http://dl.acm.org/citation.cfm?id=2100662.2100674}
}

@BOOK{harrison_1997,
  title = {Introduction to Functional Programming},
  year = {1997},
  author = {Jonh Harrison},
  pages = {168},
  address = {University of Cambridge},
  month = {December},
  language = {english},
  owner = {mstyura},
  timestamp = {2013.03.22}
}

@MISC{itechart_2013,
  author = {iTechArt},
  title = {Company profile [Электронный ресурс]},
  howpublished = {Электронные данные},
  note = {Режим доступа: http://www.itechart.com/docs/companyprofile.pdf},
  address = {Iselin, NJ 08830 USA},
  language = {english},
  owner = {mstyura},
  timestamp = {2013.03.21}
}

@ARTICLE{Lauritzen_Spiegelhalter88,
  author = {Lauritzen, S. L. and Spiegelhalter, D. J.},
  title = {{Local Computations with Probabilities on Graphical Structures and
	Their Application to Expert Systems}},
  journal = {Journal of the Royal Statistical Society. Series B (Methodological)},
  year = {1988},
  volume = {50},
  number = {2},
  abstract = {{A causal network is used in a number of areas as a depiction of patterns
	of `influence' among sets of variables. In expert systems it is common
	to perform `inference' by means of local computations on such large
	but sparse networks. In general, non-probabilistic methods are used
	to handle uncertainty when propagating the effects of evidence, and
	it has appeared that exact probabilistic methods are not computationally
	feasible. Motivated by an application in electromyography, we counter
	this claim by exploiting a range of local representations for the
	joint probability distribution, combined with topological changes
	to the original network termed `marrying' and `filling-in'. The resulting
	structure allows efficient algorithms for transfer between representations,
	providing rapid absorption and propagation of evidence. The scheme
	is first illustrated on a small, fictitious but challenging example,
	and the underlying theory and computational aspects are then discussed.}},
  citeulike-article-id = {236694},
  citeulike-linkout-0 = {http://dx.doi.org/10.2307/2345762},
  citeulike-linkout-1 = {http://www.jstor.org/stable/2345762},
  doi = {10.2307/2345762},
  issn = {00359246},
  keywords = {bayesian-networks},
  posted-at = {2005-06-25 05:09:56},
  priority = {1},
  publisher = {Blackwell Publishing for the Royal Statistical Society},
  url = {http://dx.doi.org/10.2307/2345762}
}

@ELECTRONIC{fsdg_2010,
  author = {Microsoft Research and Microsoft Developer Division},
  month = {April},
  year = {2010},
  title = {Draft F\# Component Design Guidelines},
  language = {english},
  organization = {Microsoft},
  owner = {mstyura},
  timestamp = {2013.03.21}
}

@BOOK{marchenko_2007,
  title = {Основы программирования на C\# 2.0},
  publisher = {БИНОМ. Лаборатория знаний, Интернет"=университет информационных технологий
	"--- ИНТУИТ.ру},
  year = {2007},
  author = {А. Л. Марченко},
  pages = {552},
  language = {russian},
  owner = {mstyura},
  timestamp = {2013.03.20}
}

@STANDARD{ecma_335,
  title = {Common Language Infrastructure (CLI). Partitions I to VI.},
  organization = {ECMA International},
  language = {english},
  month = {June},
  year = {2012},
  url = {http://www.ecma-international.org/publications/standards/Ecma-335.htm},
  edition = {6-th},
  owner = {mstyura},
  timestamp = {2013.03.19}
}

@Book{Gruzman_2002,
  author    = {И.С. Грузман and В.С. Киричук and В.П. Косых and Г.И. Перетягин and А.А. Спектор},
  title     = {Цифровая обработка изображений в информационных системах},
  year      = {2002},
  language  = {russian},
  publisher = {Новосибисрк: Изд-во НГТУ},
  pages     = {352},
}

@Book{Salomon_2007,
  author    = {D. Salomon},
  title     = {Data Compression: The Complete Reference},
  year      = {2007},
  language  = {english},
  publisher = {Springer},
  pages     = {1092},
}

@Misc{vs_downolad,
  author   = {Microsoft},
  title    = {Скачиваемые файлы для Visual Studio [Электронный ресурс]},
  year     = {2014},
  language = {english},
  note     = {Режим доступа : https://www.visualstudio.com/ru/downloads/.},
}

@Misc{opencv_offical,
  author   = {Itseez},
  title    = {OpenCV [Электронный ресурс]},
  date     = {2017-02-26},
  language = {english},
  note     = {Режим доступа : http://opencv.org/.},
}

@PhdThesis{RobertsPhD,
  author      = {Lawrence G. Roberts},
  title       = {Machine perception of three-dimensional solids},
  institution = {Massachusetts Institute of Technology. Dept. of Electrical Engineering},
  year        = {1963},
  type        = {phdthesis},
  language    = {English},
  pages       = {82},
}

@Misc{Sobel_14,
  author   = {Irwin Sobel},
  title    = {History and Definition of the so-called "Sobel Operator", more appropriately named the Sobel-Feldman Operator [Электронный ресурс]},
  date     = {2017-02-26},
  language = {russian},
  note     = {Режим доступа : https://www.researchgate.net/publication/.},
}

@Comment{jabref-meta: databaseType:biblatex;}
